<?xml version="1.0" encoding="UTF-8"?><collection xmlns="http://www.loc.gov/MARC21/slim"><record><leader>00541nam--2200181-i-4500</leader><controlfield tag="001">000039354</controlfield><controlfield tag="002">20161230</controlfield><controlfield tag="005">20161230201042</controlfield><controlfield tag="008">060222s1000------------r-----000-0-fre-d</controlfield><datafield ind1=" " ind2=" " tag="040"><subfield code="a">IFIN-HH</subfield></datafield><datafield ind1=" " ind2=" " tag="041"><subfield code="a">fre</subfield></datafield><datafield ind1=" " ind2=" " tag="080"><subfield code="a">535</subfield></datafield><datafield ind1="1" ind2=" " tag="100"><subfield code="a">Drude, Paul</subfield></datafield><datafield ind1="1" ind2="0" tag="245"><subfield code="a">Precis d`optique</subfield><subfield code="b">Publie d`apres l`ouvrage de paul drude, refondu et complete par marcel boll. preface de paul langevin</subfield><subfield code="c">Paul drude</subfield></datafield><datafield ind1=" " ind2=" " tag="260"><subfield code="a">Paris</subfield><subfield code="b">Gauthier-villars, Imprimeur-librarie</subfield><subfield code="c">1912</subfield></datafield><datafield ind1=" " ind2=" " tag="300"><subfield code="a">362P</subfield></datafield><datafield ind1=" " ind2=" " tag="852"><subfield code="a">44453</subfield><subfield code="c">H.H</subfield></datafield><datafield ind1=" " ind2=" " tag="CAT"><subfield code="a">Sys</subfield><subfield code="c">20130405</subfield><subfield code="h">095631</subfield></datafield></record></collection>